<?xml version="1.0" encoding="UTF-8"?><collection xmlns="http://www.loc.gov/MARC21/slim"><record><leader>00437nam--2200133-i-4500</leader><controlfield tag="001">000001620</controlfield><controlfield tag="002">20161230</controlfield><controlfield tag="005">20161230201024</controlfield><controlfield tag="008">060222s1000------------r-----000-0-eng-d</controlfield><datafield ind1=" " ind2=" " tag="080"><subfield code="a">512.552(043)</subfield></datafield><datafield ind1=" " ind2=" " tag="100"><subfield code="a">Doussouki, Tarek</subfield></datafield><datafield ind1=" " ind2=" " tag="245"><subfield code="a">Travaux concernant les methodes finitaires en theorie des corps, les espaces algebroides et certains anneaux locaux.these</subfield></datafield><datafield ind1=" " ind2=" " tag="260"><subfield code="a">Toulouse, L Universite Paul Sabatier, 1975. 125 P</subfield></datafield><datafield ind1=" " ind2=" " tag="852"><subfield code="a">44041</subfield></datafield></record></collection>